@book{bct,
    author = "Tom Leinster",
    title = "Basic Category Theory",
    publisher = "Cambridge University Press",
    year = "2014"
}

@book{joa,
    author = "Eugenia Cheng",
    title = "The Joy of Abstraction",
    publisher = "Cambridge University Press",
    year = "2022"
}

@book{ctfp,
    author = "Bartosz Milewski",
    title = "Category Theory for Programmers",
    publisher = "",
    year = "2019"
}
