
@misc{haskmooc,
	title = {Haskell {MOOC}},
	url = {https://haskell.mooc.fi/},
	urldate = {2024-03-13},
}

@misc{hask,
	title = {Hask - {HaskellWiki}},
	url = {https://wiki.haskell.org/Hask},
	urldate = {2023-11-26},
}
